<?xml version="1.0" encoding="UTF-8" ?>
<record Numero="13931105" format="InterXMarc_Complet" type="Authority">
<leader>00868c0 au22000272  45  <Pos Code="0004">00868</Pos>
<Pos Code="05" Sens="notice modifiée">c</Pos>
<Pos Code="06" Sens="notice validée par les services d&apos;autorité">0</Pos>
<Pos Code="08" Sens="notice d&apos;autorité">a</Pos>
<Pos Code="09" Sens="titre uniforme musical (TUM)">u</Pos>
<Pos Code="10">2</Pos>
<Pos Code="11">2</Pos>
<Pos Code="1216">00027</Pos>
<Pos Code="17" Sens="autres cas">2</Pos>
<Pos Code="20">4</Pos>
<Pos Code="21">5</Pos>
</leader>
<controlfield tag="001">FRBNF139311059<Pos Code="0001">FR</Pos>
<Pos Code="0204">BNF</Pos>
<Pos Code="0512">13931105</Pos>
<Pos Code="13">9</Pos>
</controlfield>
<controlfield tag="008">901112100510yy    uu        1918    ? 1921                   1   <Pos Code="0001">90</Pos>
<Pos Code="0203">11</Pos>
<Pos Code="0405">12</Pos>
<Pos Code="0607">10</Pos>
<Pos Code="0809">05</Pos>
<Pos Code="1011">10</Pos>
<Pos Code="1213" Sens="ne s&apos;applique pas">yy</Pos>
<Pos Code="1820">uu </Pos>
<Pos Code="2831">1918</Pos>
<Pos Code="36" Sens="Date incertaine">?</Pos>
<Pos Code="3841">1921</Pos>
<Pos Code="61" Sens="La vedette peut être liée à une notice bibliographique sauf pour l&apos;accès matière RAMEAU">1</Pos>
</controlfield>
<datafield tag="048" ind1=" " ind2=" ">
	<subfield code="a">oa01<Pos Code="0001" Sens="orchestre - orchestre symphonique XIXe-XXe s.">oa</Pos>
<Pos Code="02">0</Pos>
<Pos Code="03">1</Pos>
</subfield>
</datafield>
<datafield tag="100" ind1=" " ind2=" ">
	<subfield code="3">13900757</subfield>
	<subfield code="w">.0..b.....</subfield>
	<subfield code="a">Varèse</subfield>
	<subfield code="m">Edgard</subfield>
	<subfield code="d">1883-1965</subfield>
</datafield>
<datafield tag="144" ind1="1" ind2=" ">
	<subfield code="w">....b.fre.</subfield>
	<subfield code="a">Amériques</subfield>
</datafield>
<datafield tag="600" ind1=" " ind2=" ">
	<subfield code="a">Dédicace : &quot;Aux amis inconnus du printemps de 1921&quot;</subfield>
	<subfield code="a">Dates de composition : 1918?-1921</subfield>
	<subfield code="a">Dates de révision : 1927-1929 ; 1973 (édition de Chou Wen-chung)</subfield>
	<subfield code="a">1re exécution (version de 1921) : Philadelphie (Pa.), Academy of music, 9 avril 1926, par le Philadelphia Orchestra, sous la direction de Leopold Stokowski</subfield>
	<subfield code="a">1re exécution (version de 1929) : Paris, Salle Gaveau, le 30 mai 1929, par l&apos;Orchestre des Concerts Poulet, sous la direciton de Gaston Poulet</subfield>
</datafield>
<datafield tag="610" ind1=" " ind2=" ">
	<subfield code="a">Grove music online</subfield>
	<subfield code="u">http://www.oxfordmusiconline.com</subfield>
	<subfield code="d">2010-05-10</subfield>
	<subfield code="a">Ircam</subfield>
	<subfield code="u">http://brahms.ircam.fr</subfield>
	<subfield code="d">2010-05-10</subfield>
</datafield>
<datafield tag="917" ind1=" " ind2=" ">
	<subfield code="o">OPC</subfield>
	<subfield code="a">100616920</subfield>
</datafield>
<datafield tag="917" ind1=" " ind2=" ">
	<subfield code="o">OPD</subfield>
	<subfield code="a">100594760</subfield>
	<subfield code="b">ATUM</subfield>
</datafield>
<datafield tag="996" ind1=" " ind2=" ">
	<subfield code="o">OPP</subfield>
	<subfield code="a">14831910</subfield>
	<subfield code="d">20080208</subfield>
</datafield>
<Alter Ori="13900757">
<datafield tag="400" ind1=" " ind2=" ">
	<subfield code="w">....b.....</subfield>
	<subfield code="a">Varèse</subfield>
	<subfield code="m">Edgar</subfield>
	<subfield code="d">1883-1965</subfield>
</datafield>
</Alter>
<Attr Nom="IDPerenne">ark:/12148/cb139311050</Attr>
<Attr Nom="NumSource">OPC 100616920</Attr>
<Attr Nom="Source" Sens="BnF catalogue général (depuis 1999)">A</Attr>
<Attr Nom="NumAutoriteLiee">13900757</Attr>
<Attr Nom="DateCreation">12/11/ 1990</Attr>
<Attr Nom="ResponsableCreation">MIGV2</Attr>
<Attr Nom="StructCreation">1</Attr>
<Attr Nom="DateDerniereValidation">08/11/ 2010</Attr>
<Attr Nom="ResponsableDerniereValidation">MIGV4</Attr>
<Attr Nom="StructPremiereValidation">1</Attr>
<Attr Nom="DatePremiereValidation">12/11/ 1990</Attr>
<Attr Nom="ResponsablePremiereValidation">MIGV2</Attr>
<Attr Nom="StructDerniereValidation">1</Attr>
<Attr Nom="NumSource" Rep="1">OPD 100594760</Attr>
<Attr Nom="NumSource" Rep="2">OPP 14831910</Attr>
</record>
